@article{1,
  title={Novel deterministic and probabilistic forecasting methods for crude oil price employing optimized deep learning, statistical and hybrid models},
  author={Purohit, Sourav Kumar and Panigrahi, Sibarama},
  journal={Information Sciences},
  volume={658},
  pages={120021},
  year={2024},
  publisher={Elsevier}
}


% Multimodal Misinformation Detection Papers
@inproceedings{kwon2017rumor,
  title={Rumor detection over varying time windows},
  author={Kwon, Sejeong and Cha, Meeyoung and Jung, Kyomin},
  booktitle={PloS one},
  volume={12},
  number={1},
  year={2017}
}

@inproceedings{ma2016detecting,
  title={Detecting rumors from microblogs with recurrent neural networks},
  author={Ma, Jing and Gao, Wei and Mitra, Prasenjit and Kwon, Sejeong and Jansen, Bernard J and Wong, Kam-Fai and Cha, Meeyoung},
  booktitle={Proceedings of IJCAI},
  pages={3818--3824},
  year={2016}
}

@inproceedings{zhou2017learning,
  title={Learning to detect video saliency with hevc features},
  author={Zhou, Peng and Han, Xintong and Morariu, Vlad I and Davis, Larry S},
  booktitle={IEEE Transactions on Image Processing},
  volume={26},
  number={1},
  pages={369--385},
  year={2017}
}

@inproceedings{wang2018eann,
  title={EANN: Event adversarial neural networks for multi-modal fake news detection},
  author={Wang, Yaqing and Ma, Fenglong and Jin, Zhiwei and Yuan, Ye and Xun, Guangxu and Jha, Kishlay and Su, Lu and Gao, Jing},
  booktitle={Proceedings of the 24th ACM SIGKDD},
  pages={849--857},
  year={2018}
}

@inproceedings{khattar2019mvae,
  title={MVAE: Multimodal variational autoencoder for fake news detection},
  author={Khattar, Dhruv and Goud, Jaipal Singh and Gupta, Manish and Varma, Vasudeva},
  booktitle={The World Wide Web Conference},
  pages={2915--2921},
  year={2019}
}

@inproceedings{singhal2019spotfake,
  title={SpotFake: A multi-modal framework for fake news detection},
  author={Singhal, Shivangi and Shah, Rajiv Ratn and Chakraborty, Tanmoy and Kumaraguru, Ponnurangam and Satoh, Shin'ichi},
  booktitle={2019 IEEE Fifth International Conference on Multimedia Big Data (BigMM)},
  pages={39--47},
  year={2019},
  organization={IEEE}
}

@inproceedings{li2019visualbert,
  title={VisualBERT: A simple and performant baseline for vision and language},
  author={Li, Liunian Harold and Yatskar, Mark and Yin, Da and Hsieh, Cho-Jui and Chang, Kai-Wei},
  booktitle={arXiv preprint arXiv:1908.03557},
  year={2019}
}

@inproceedings{lu2019vilbert,
  title={ViLBERT: Pretraining task-agnostic visiolinguistic representations for vision-and-language tasks},
  author={Lu, Jiasen and Batra, Dhruv and Parikh, Devi and Lee, Stefan},
  booktitle={Advances in Neural Information Processing Systems},
  volume={32},
  year={2019}
}

@inproceedings{tan2019lxmert,
  title={LXMERT: Learning cross-modality encoder representations from transformers},
  author={Tan, Hao and Bansal, Mohit},
  booktitle={Proceedings of the 2019 Conference on Empirical Methods in Natural Language Processing},
  pages={5100--5111},
  year={2019}
}

@inproceedings{kiela2019supervised,
  title={Supervised multimodal bitransformers for classifying images and text},
  author={Kiela, Douwe and Bhooshan, Suvrat and Firooz, Hamed and Perez, Ethan and Testuggine, Davide},
  booktitle={arXiv preprint arXiv:1909.02950},
  year={2019}
}

@inproceedings{chen2020uniter,
  title={UNITER: Universal image-text representation learning},
  author={Chen, Yen-Chun and Li, Linjie and Yu, Licheng and El Kholy, Ahmed and Ahmed, Faisal and Gan, Zhe and Cheng, Yu and Liu, Jingjing},
  booktitle={European Conference on Computer Vision},
  pages={104--120},
  year={2020},
  organization={Springer}
}

@inproceedings{li2020oscar,
  title={Oscar: Object-semantics aligned pre-training for vision-language tasks},
  author={Li, Xiujun and Yin, Xi and Li, Chunyuan and Zhang, Pengchuan and Hu, Xiaowei and Zhang, Lei and Wang, Lijuan and Hu, Houdong and Dong, Li and Wei, Furu and others},
  booktitle={European Conference on Computer Vision},
  pages={121--137},
  year={2020},
  organization={Springer}
}